<collection xmlns="http://www.loc.gov/MARC21/slim">
<record>
  <leader>01629nam0a22003251i 450 </leader>
  <controlfield tag="001">IT\ICCU\CNCE\050013</controlfield>
  <controlfield tag="005">20180911000000.0</controlfield>
  <datafield tag="012" ind1=" " ind2=" ">
    <subfield code="a">t-i, taaf too- uses (3) 1575 (R)</subfield>
    <subfield code="2">fei</subfield>
    <subfield code="9">1</subfield>
  </datafield>
  <datafield tag="012" ind1=" " ind2=" ">
    <subfield code="a">l-he a.et a.ue dida (3) 1575 (R)</subfield>
    <subfield code="2">fei</subfield>
    <subfield code="9">2</subfield>
  </datafield>
  <datafield tag="012" ind1=" " ind2=" ">
    <subfield code="a">a-la a.la ene- reog (3) 1575 (R)</subfield>
    <subfield code="2">fei</subfield>
    <subfield code="9">3</subfield>
  </datafield>
  <datafield tag="100" ind1=" " ind2=" ">
    <subfield code="a">19991213d1575        0itac0103    ba</subfield>
  </datafield>
  <datafield tag="101" ind1=" " ind2=" ">
    <subfield code="a">ITA</subfield>
  </datafield>
  <datafield tag="102" ind1=" " ind2=" ">
    <subfield code="a">IT</subfield>
  </datafield>
  <datafield tag="200" ind1="1" ind2=" ">
    <subfield code="a">De&apos; secreti del reuerendo don Alessio piemontese parte prima \-terza! di nuouo riueduta, corretta et ampliata in pi ̮luoghi. Co</subfield>
  </datafield>
  <datafield tag="210" ind1=" " ind2=" ">
    <subfield code="a">In Venetia</subfield>
    <subfield code="c">appresso Iacomo Leonzini</subfield>
    <subfield code="d">1575</subfield>
  </datafield>
  <datafield tag="215" ind1=" " ind2=" ">
    <subfield code="a">3 v.</subfield>
    <subfield code="d">8ʻ</subfield>
  </datafield>
  <datafield tag="300" ind1=" " ind2=" ">
    <subfield code="a">3: (In Venetia, 1575)</subfield>
  </datafield>
  <datafield tag="620" ind1=" " ind2=" ">
    <subfield code="a">IT</subfield>
    <subfield code="d">Venezia</subfield>
  </datafield>
  <datafield tag="700" ind1=" " ind2="1">
    <subfield code="a">Ruscelli,</subfield>
    <subfield code="b">Girolamo</subfield>
    <subfield code="3">IT\ICCU\CNCA\000226</subfield>
  </datafield>
  <datafield tag="712" ind1="0" ind2="0">
    <subfield code="a">Leoncini, Giacomo</subfield>
    <subfield code="3">IT\ICCU\CNCT\000949</subfield>
    <subfield code="4">650</subfield>
  </datafield>
  <datafield tag="790" ind1=" " ind2="0">
    <subfield code="a">Alessio</subfield>
    <subfield code="c"> : Piemontese</subfield>
    <subfield code="3">IT\ICCU\CNCA\007018</subfield>
    <subfield code="z">Ruscelli, Girolamo</subfield>
  </datafield>
  <datafield tag="791" ind1="0" ind2="0">
    <subfield code="a">Leoncinus, Iacobus</subfield>
    <subfield code="3">IT\ICCU\CNCT\004944</subfield>
    <subfield code="z">Leoncini, Giacomo</subfield>
  </datafield>
  <datafield tag="791" ind1="0" ind2="0">
    <subfield code="a">Leonzini, Iacomo</subfield>
    <subfield code="3">IT\ICCU\CNCT\004945</subfield>
    <subfield code="z">Leoncini, Giacomo</subfield>
  </datafield>
  <datafield tag="791" ind1="0" ind2="0">
    <subfield code="a">Leoncino, Iacomo</subfield>
    <subfield code="3">IT\ICCU\CNCT\004946</subfield>
    <subfield code="z">Leoncini, Giacomo</subfield>
  </datafield>
  <datafield tag="801" ind1=" " ind2="3">
    <subfield code="a">IT</subfield>
    <subfield code="b">ICCU</subfield>
    <subfield code="c">20201115</subfield>
  </datafield>
  <datafield tag="899" ind1=" " ind2=" ">
    <subfield code="a">Biblioteca centrale dei frati cappuccini delle Marche. Ancona</subfield>
    <subfield code="1">AN0007</subfield>
    <subfield code="2">ZAN 02</subfield>
  </datafield>
  <datafield tag="899" ind1=" " ind2=" ">
    <subfield code="a">Biblioteca civica A. Mai. Bergamo</subfield>
    <subfield code="1">BG0026</subfield>
    <subfield code="2">LO1 02</subfield>
  </datafield>
  <datafield tag="899" ind1=" " ind2=" ">
    <subfield code="a">Biblioteca Riccardiana. Firenze</subfield>
    <subfield code="1">FI0094</subfield>
    <subfield code="2">CFI RF</subfield>
  </datafield>
  <datafield tag="899" ind1=" " ind2=" ">
    <subfield code="a">Biblioteca del Centro APICE - Archivi della parola, dell&apos;immagine e della comunicazione editoriale dell&apos;Universit ̉degli studi di Milano. Milano</subfield>
    <subfield code="1">MI1289</subfield>
    <subfield code="2">USM S6</subfield>
  </datafield>
  <datafield tag="899" ind1=" " ind2=" ">
    <subfield code="a">Biblioteca della Fondazione Marco Besso. Roma</subfield>
    <subfield code="1">RM0211</subfield>
    <subfield code="2">RML 14</subfield>
  </datafield>
</record>
</collection>
